%% This BibTeX bibliography file was created using BibDesk.
%% http://bibdesk.sourceforge.net/


%% Created for Xiaozhe Hu at 2013-09-25 12:54:20 -0400 
%% Modified by Chensong Zhang at 2015-10-10

%% Saved with string encoding Unicode (UTF-8) 



@article{Hu.X;Vassilevski.P;Xu.J.2013a,
	Author = {Xiaozhe Hu and Panayot S. Vassilevski and Jinchao Xu},
	Date-Added = {2013-09-25 16:54:05 +0000},
	Date-Modified = {2013-09-25 16:54:12 +0000},
	Eprint = {1202.1987},
	Journal = {SIAM J. Num. Anal},
	Number = {2},
	Pages = {1349-1369},
	Title = {Comparative Convergence Analysis of Nonlinear AMLI-cycle Multigrid},
	Url = {http://arxiv.org/abs/1202.1987},
	Volume = {51},
	Year = {2013},
	Bdsk-File-1 = {YnBsaXN0MDDUAQIDBAUIJidUJHRvcFgkb2JqZWN0c1gkdmVyc2lvblkkYXJjaGl2ZXLRBgdUcm9vdIABqAkKFRYXGyIjVSRudWxs0wsMDQ4RFFpOUy5vYmplY3RzV05TLmtleXNWJGNsYXNzog8QgASABqISE4ACgAOAB1lhbGlhc0RhdGFccmVsYXRpdmVQYXRo0hgNGRpXTlMuZGF0YU8RAd4AAAAAAd4AAgAADE1hY2ludG9zaCBIRAAAAAAAAAAAAAAAAAAAAMrrtgBIKwAAAAjyHB9IdS5YO1Zhc3NpbGV2c2tpLlA7WCMyRDg3QTcucGRmAAAAAAAAAAAAAAAAAAAAAAAAAAAAAAAAAAAAAAAAAAAALYeny5czSgAAAAAAAAAAAAUAAgAACSAAAAAAAAAAAAAAAAAAAAAHTGlicmFyeQAAEAAIAADK6/xQAAAAEQAIAADLl2uKAAAAAQAQAAjyHAAI8fEABR8/AADAQwACAFFNYWNpbnRvc2ggSEQ6VXNlcnM6AFhpYW96aGVIdToAUmVzZWFyY2g6AExpYnJhcnk6AEh1Llg7VmFzc2lsZXZza2kuUDtYIzJEODdBNy5wZGYAAA4AQgAgAEgAdQAuAFgAOwBWAGEAcwBzAGkAbABlAHYAcwBrAGkALgBQADsAWAB1AC4ASgAyADAAMQAyAGEALgBwAGQAZgAPABoADABNAGEAYwBpAG4AdABvAHMAaAAgAEgARAASAEFVc2Vycy9YaWFvemhlSHUvUmVzZWFyY2gvTGlicmFyeS9IdS5YO1Zhc3NpbGV2c2tpLlA7WHUuSjIwMTJhLnBkZgAAEwABLwAAFQACABD//wAAgAXSHB0eH1gkY2xhc3Nlc1okY2xhc3NuYW1lox8gIV1OU011dGFibGVEYXRhVk5TRGF0YVhOU09iamVjdF8QNy4uLy4uLy4uLy4uLy4uL0xpYnJhcnkvSHUuWDtWYXNzaWxldnNraS5QO1h1LkoyMDEyYS5wZGbSHB0kJaIlIVxOU0RpY3Rpb25hcnkSAAGGoF8QD05TS2V5ZWRBcmNoaXZlcgAIABEAFgAfACgAMgA1ADoAPABFAEsAUgBdAGUAbABvAHEAcwB2AHgAegB8AIYAkwCYAKACggKEAokCkgKdAqECrwK2Ar8C+QL+AwEDDgMTAAAAAAAAAgEAAAAAAAAAKAAAAAAAAAAAAAAAAAAAAyU=},
	Bdsk-Url-1 = {http://arxiv.org/abs/1202.1987}}

@article{Tarjan.Tarjan.1972dz,
	Author = {Tarjan, Robert E.},
	Date-Added = {2012-06-07 17:19:31 +0000},
	Date-Modified = {2012-06-13 07:35:29 +0000},
	Fjournal = {SIAM Journal on Computing},
	Issn = {0097-5397},
	Journal = {SIAM J. Comput.},
	Mrclass = {05-04},
	Mrnumber = {0304178 (46 \#3313)},
	Mrreviewer = {John Mylopoulos},
	Number = {2},
	Pages = {146--160},
	Title = {Depth-first search and linear graph algorithms},
	Volume = {1},
	Year = {1972}}

@book{Duff.DuffErisman.1989qf,
	Address = {New York},
	Author = {Duff, I. S. and Erisman, A. M. and Reid, J. K.},
	Date-Added = {2012-06-07 17:12:21 +0000},
	Date-Modified = {2012-06-13 07:34:15 +0000},
	Edition = {Second},
	Isbn = {0-19-853421-3},
	Mrclass = {65F05 (65-01 65F50)},
	Mrnumber = {1029273 (90m:65061)},
	Note = {Oxford Science Publications},
	Pages = {xiv+341},
	Publisher = {The Clarendon Press Oxford University Press},
	Series = {Monographs on Numerical Analysis},
	Title = {Direct methods for sparse matrices},
	Year = {1989}}

@book{Pissanetzky.Pissanetzky.1984hc,
	Address = {London},
	Author = {Pissanetzky, Sergio},
	Date-Added = {2012-06-07 17:10:07 +0000},
	Date-Modified = {2012-06-13 07:35:04 +0000},
	Isbn = {0-12-557580-7},
	Mrclass = {65-02 (15-04 65F50)},
	Mrnumber = {751237 (86j:65003)},
	Mrreviewer = {Iain S. Duff},
	Pages = {xiv+321},
	Publisher = {Academic Press Inc. [Harcourt Brace Jovanovich Publishers]},
	Title = {Sparse matrix technology},
	Year = {1984}}

@book{Saad.Saad.2003fv,
	Address = {Philadelphia, PA},
	Author = {Saad, Yousef},
	Date-Added = {2012-06-07 17:08:45 +0000},
	Date-Modified = {2012-06-13 07:35:18 +0000},
	Doi = {10.1137/1.9780898718003},
	Edition = {Second},
	Isbn = {0-89871-534-2},
	Mrclass = {65-01 (65F10 65F50)},
	Mrnumber = {1990645 (2004h:65002)},
	Mrreviewer = {Arnold Reusken},
	Pages = {xviii+528},
	Publisher = {Society for Industrial and Applied Mathematics},
	Title = {Iterative methods for sparse linear systems},
	Url = {http://dx.doi.org/10.1137/1.9780898718003},
	Year = {2003},
	Bdsk-Url-1 = {http://dx.doi.org/10.1137/1.9780898718003}}

@book{Hackbusch.Hackbusch.1985dq,
	Author = {Hackbusch, W.},
	Date-Added = {2010-05-30 10:09:09 +0800},
	Date-Modified = {2012-06-13 07:34:30 +0000},
	Publisher = {Springer Verlag},
	Title = {{Multi-grid methods and applications}},
	Year = {1985}}

@book{Bramble.Bramble.1993fk,
	Address = {Harlow},
	Author = {Bramble, J.H.},
	Date-Added = {2010-05-29 02:48:07 +0800},
	Date-Modified = {2012-06-13 07:33:30 +0000},
	Isbn = {0-582-23435-2},
	Mrclass = {65-02 (65M55 65N55)},
	Mrreviewer = {Mark Ainsworth},
	Owner = {Xuehai Huang},
	Pages = {viii+161},
	Publisher = {Longman Scientific \& Technical},
	Series = {Pitman Research Notes in Mathematics Series},
	Timestamp = {2009.10.05},
	Title = {Multigrid methods},
	Volume = {294},
	Year = {1993}}

@article{Brandt.Brandt.1986kx,
	Author = {Brandt, A.},
	Date-Added = {2010-05-29 02:48:07 +0800},
	Date-Modified = {2012-06-13 07:33:38 +0000},
	Journal = {Applied Mathematics and Computation},
	Number = {1-4},
	Pages = {23--56},
	Publisher = {Elsevier Science Inc. New York, NY, USA},
	Title = {{Algebraic multigrid theory: The symmetric case}},
	Volume = {19},
	Year = {1986}}

@article{Brandt.Brandt.2000vn,
	Author = {Brandt, A.},
	Date-Added = {2010-05-29 02:48:07 +0800},
	Date-Modified = {2012-06-13 07:33:41 +0000},
	Fjournal = {Electronic Transactions on Numerical Analysis},
	Issn = {1068-9613},
	Journal = {Electron. Trans. Numer. Anal.},
	Mrclass = {65F10 (65N22 65N55)},
	Note = {Multilevel methods (Copper Mountain, CO, 1999)},
	Owner = {Xuehai Huang},
	Pages = {1--20 (electronic)},
	Timestamp = {2009.10.05},
	Title = {General highly accurate algebraic coarsening},
	Volume = {10},
	Year = {2000}}

@article{Brandt.BrandtMcCormick.1982uq,
	Author = {Brandt, A. and McCormick, S. and Ruge, J.},
	Date-Added = {2010-05-29 02:48:07 +0800},
	Date-Modified = {2012-06-13 07:33:36 +0000},
	Journal = {Inst. Comp. Studies Colorado State Univ},
	Owner = {huangxuehai},
	Pages = {110},
	Timestamp = {2008.11.11},
	Title = {{Algebraic multigrid (AMG) for automatic multigrid solution with application to geodetic computations, Report}},
	Volume = {109},
	Year = {1982},
	Bdsk-File-1 = {YnBsaXN0MDDUAQIDBAUIJidUJHRvcFgkb2JqZWN0c1gkdmVyc2lvblkkYXJjaGl2ZXLRBgdUcm9vdIABqAkKFRYXGyIjVSRudWxs0wsMDQ4RFFpOUy5vYmplY3RzV05TLmtleXNWJGNsYXNzog8QgASABqISE4ACgAOAB1lhbGlhc0RhdGFccmVsYXRpdmVQYXRo0hgNGRpXTlMuZGF0YU8RAfYAAAAAAfYAAgAADE1hY2ludG9zaCBIRAAAAAAAAAAAAAAAAAAAAMSsKhxIKwAAABpGZx9CcmFuZHQuQTtNY0Nvcm1pY2suUyMxRjA4MDQucGRmAAAAAAAAAAAAAAAAAAAAAAAAAAAAAAAAAAAAAAAAAAAAHwgExT8Z+QAAAAAAAAAAAAEAAgAACSAAAAAAAAAAAAAAAAAAAAADQU1HAAAQAAgAAMSsYlwAAAARAAgAAMU/YEkAAAABABQAGkZnABEUBQAJ+fMACfneAAB7WwACAFdNYWNpbnRvc2ggSEQ6VXNlcnM6aHVhbmd4dWVoYWk6RGVza3RvcDpwYXBlckxpYnJhcnk6QU1HOkJyYW5kdC5BO01jQ29ybWljay5TIzFGMDgwNC5wZGYAAA4ASAAjAEIAcgBhAG4AZAB0AC4AQQA7AE0AYwBDAG8AcgBtAGkAYwBrAC4AUwA7AFIAdQBnAGUALgBKADEAOQA4ADIALgBwAGQAZgAPABoADABNAGEAYwBpAG4AdABvAHMAaAAgAEgARAASAE5Vc2Vycy9odWFuZ3h1ZWhhaS9EZXNrdG9wL3BhcGVyTGlicmFyeS9BTUcvQnJhbmR0LkE7TWNDb3JtaWNrLlM7UnVnZS5KMTk4Mi5wZGYAEwABLwAAFQACABL//wAAgAXSHB0eH1gkY2xhc3Nlc1okY2xhc3NuYW1lox8gIV1OU011dGFibGVEYXRhVk5TRGF0YVhOU09iamVjdF8QI0JyYW5kdC5BO01jQ29ybWljay5TO1J1Z2UuSjE5ODIucGRm0hwdJCWiJSFcTlNEaWN0aW9uYXJ5EgABhqBfEA9OU0tleWVkQXJjaGl2ZXIACAARABYAHwAoADIANQA6ADwARQBLAFIAXQBlAGwAbwBxAHMAdgB4AHoAfACGAJMAmACgApoCnAKhAqoCtQK5AscCzgLXAv0DAgMFAxIDFwAAAAAAAAIBAAAAAAAAACgAAAAAAAAAAAAAAAAAAAMp}}

@article{Brezina.BrezinaCleary.2000ly,
	Abstract = {We introduce AMGe, an algebraic multigrid method for solving the discrete
	equations that arise in Ritz-type finite element methods for partial
	differential equations. Assuming access to the element stiffness
	matrices, we have that AMGe is based on the use of two local measures,
	which are derived from global measures that appear in existing multigrid
	theory. These new measures are used to determine local representations
	of algebraically "smooth" error components that provide the basis
	for constructing effective interpolation and, hence, the coarsening
	process for AMG. Here, we focus on the interpolation process; choice
	of the coarse "grids" based on these measures is the subject of current
	research. We develop a theoretical foundation for AMGe and present
	numerical results that demonstrate the efficacy of the method.},
	Author = {Brezina, M. and Cleary, A. and Falgout, R. and Henson, V. and Jones, J. and Manteuffel, T. A. and McCormick, S. F. and Ruge, J. W.},
	Date-Added = {2010-05-29 02:48:07 +0800},
	Date-Modified = {2012-06-16 01:09:36 +0000},
	Journal = {SIAM Journal on Scientific Computing},
	Keywords = {algebraic multigrid, finite elements, interpolation weights},
	Number = {5},
	Owner = {Xuehai Huang},
	Pages = {1570--1592},
	Timestamp = {2009.10.05},
	Title = {Algebraic Multigrid Based on Element Interpolation ({AMGe})},
	Volume = {22},
	Year = {2000},
	Bdsk-File-1 = {YnBsaXN0MDDUAQIDBAUIJidUJHRvcFgkb2JqZWN0c1gkdmVyc2lvblkkYXJjaGl2ZXLRBgdUcm9vdIABqAkKFRYXGyIjVSRudWxs0wsMDQ4RFFpOUy5vYmplY3RzV05TLmtleXNWJGNsYXNzog8QgASABqISE4ACgAOAB1lhbGlhc0RhdGFccmVsYXRpdmVQYXRo0hgNGRpXTlMuZGF0YU8RAigAAAAAAigAAgAADE1hY2ludG9zaCBIRAAAAAAAAAAAAAAAAAAAAMSsKhxIKwAAAA0S1x9CcmV6aW5hLk07Q2xlYXJ5LkE7RmEjRDE0MEIucGRmAAAAAAAAAAAAAAAAAAAAAAAAAAAAAAAAAAAAAAAAAAAADRQLxRP1cAAAAAAAAAAAAAEAAgAACSAAAAAAAAAAAAAAAAAAAAAKZWxhc3RpY2l0eQAQAAgAAMSsYlwAAAARAAgAAMUULbAAAAABABQADRLXABEUBQAJ+fMACfneAAB7WwACAF5NYWNpbnRvc2ggSEQ6VXNlcnM6aHVhbmd4dWVoYWk6RGVza3RvcDpwYXBlckxpYnJhcnk6ZWxhc3RpY2l0eTpCcmV6aW5hLk07Q2xlYXJ5LkE7RmEjRDE0MEIucGRmAA4AXAAtAEIAcgBlAHoAaQBuAGEALgBNADsAQwBsAGUAYQByAHkALgBBADsARgBhAGwAZwBvAHUAdAAuAFIAOwBIAGUAbgBzAG8AbgAuAFYAMgAwADAAMAAuAHAAZABmAA8AGgAMAE0AYQBjAGkAbgB0AG8AcwBoACAASABEABIAX1VzZXJzL2h1YW5neHVlaGFpL0Rlc2t0b3AvcGFwZXJMaWJyYXJ5L2VsYXN0aWNpdHkvQnJlemluYS5NO0NsZWFyeS5BO0ZhbGdvdXQuUjtIZW5zb24uVjIwMDAucGRmAAATAAEvAAAVAAIAEv//AACABdIcHR4fWCRjbGFzc2VzWiRjbGFzc25hbWWjHyAhXU5TTXV0YWJsZURhdGFWTlNEYXRhWE5TT2JqZWN0XxA7Li4vZWxhc3RpY2l0eS9CcmV6aW5hLk07Q2xlYXJ5LkE7RmFsZ291dC5SO0hlbnNvbi5WMjAwMC5wZGbSHB0kJaIlIVxOU0RpY3Rpb25hcnkSAAGGoF8QD05TS2V5ZWRBcmNoaXZlcgAIABEAFgAfACgAMgA1ADoAPABFAEsAUgBdAGUAbABvAHEAcwB2AHgAegB8AIYAkwCYAKACzALOAtMC3ALnAusC+QMAAwkDRwNMA08DXANhAAAAAAAAAgEAAAAAAAAAKAAAAAAAAAAAAAAAAAAAA3M=}}

@article{Chartier.ChartierFalgout.2003ve,
	Author = {Chartier, T. and Falgout, R.D. and Henson, V.E. and Jones, J. and Manteuffel, T. and McCormick, S. and Ruge, J. and Vassilevski, P.S.},
	Date-Added = {2010-05-29 02:48:07 +0800},
	Date-Modified = {2012-06-16 01:11:07 +0000},
	Fjournal = {SIAM Journal on Scientific Computing},
	Issn = {1064-8275},
	Journal = {SIAM J. Sci. Comput.},
	Mrclass = {65F10 (65N22)},
	Mrnumber = {MR2047193 (2004m:65036)},
	Mrreviewer = {Arnold Reusken},
	Number = {1},
	Owner = {Xuehai Huang},
	Pages = {1--26},
	Timestamp = {2009.10.05},
	Title = {Spectral {AMG}e ({$\rho$}{AMG}e)},
	Volume = {25},
	Year = {2003},
	Bdsk-File-1 = {YnBsaXN0MDDUAQIDBAUIJidUJHRvcFgkb2JqZWN0c1gkdmVyc2lvblkkYXJjaGl2ZXLRBgdUcm9vdIABqAkKFRYXGyIjVSRudWxs0wsMDQ4RFFpOUy5vYmplY3RzV05TLmtleXNWJGNsYXNzog8QgASABqISE4ACgAOAB1lhbGlhc0RhdGFccmVsYXRpdmVQYXRo0hgNGRpXTlMuZGF0YU8RAhQAAAAAAhQAAgAADE1hY2ludG9zaCBIRAAAAAAAAAAAAAAAAAAAAMSsKhxIKwAAABpGZx9DaGFydGllci5UO0ZhbGdvdXQuUiMyRkM3RDEucGRmAAAAAAAAAAAAAAAAAAAAAAAAAAAAAAAAAAAAAAAAAAAAL8fRxWW34AAAAAAAAAAAAAEAAgAACSAAAAAAAAAAAAAAAAAAAAADQU1HAAAQAAgAAMSsYlwAAAARAAgAAMVl/jAAAAABABQAGkZnABEUBQAJ+fMACfneAAB7WwACAFdNYWNpbnRvc2ggSEQ6VXNlcnM6aHVhbmd4dWVoYWk6RGVza3RvcDpwYXBlckxpYnJhcnk6QU1HOkNoYXJ0aWVyLlQ7RmFsZ291dC5SIzJGQzdEMS5wZGYAAA4AXAAtAEMAaABhAHIAdABpAGUAcgAuAFQAOwBGAGEAbABnAG8AdQB0AC4AUgA7AEgAZQBuAHMAbwBuAC4AVgA7AEoAbwBuAGUAcwAuAEoAMgAwADAAMwAuAHAAZABmAA8AGgAMAE0AYQBjAGkAbgB0AG8AcwBoACAASABEABIAWFVzZXJzL2h1YW5neHVlaGFpL0Rlc2t0b3AvcGFwZXJMaWJyYXJ5L0FNRy9DaGFydGllci5UO0ZhbGdvdXQuUjtIZW5zb24uVjtKb25lcy5KMjAwMy5wZGYAEwABLwAAFQACABL//wAAgAXSHB0eH1gkY2xhc3Nlc1okY2xhc3NuYW1lox8gIV1OU011dGFibGVEYXRhVk5TRGF0YVhOU09iamVjdF8QLUNoYXJ0aWVyLlQ7RmFsZ291dC5SO0hlbnNvbi5WO0pvbmVzLkoyMDAzLnBkZtIcHSQloiUhXE5TRGljdGlvbmFyeRIAAYagXxAPTlNLZXllZEFyY2hpdmVyAAgAEQAWAB8AKAAyADUAOgA8AEUASwBSAF0AZQBsAG8AcQBzAHYAeAB6AHwAhgCTAJgAoAK4AroCvwLIAtMC1wLlAuwC9QMlAyoDLQM6Az8AAAAAAAACAQAAAAAAAAAoAAAAAAAAAAAAAAAAAAADUQ==}}

@article{Falgout.FalgoutVassilevski.2004bh,
	Author = {Falgout, R.D. and Vassilevski, P.S.},
	Date-Added = {2010-05-29 02:48:07 +0800},
	Date-Modified = {2012-06-13 07:34:19 +0000},
	Fjournal = {SIAM Journal on Numerical Analysis},
	Issn = {0036-1429},
	Journal = {SIAM J. Numer. Anal.},
	Mrclass = {65F10 (65N55)},
	Mrreviewer = {Brian Bradie},
	Number = {4},
	Owner = {Xuehai Huang},
	Pages = {1669--1693 (electronic)},
	Timestamp = {2009.10.05},
	Title = {On generalizing the algebraic multigrid framework},
	Volume = {42},
	Year = {2004}}

@article{Henson.HensonVassilevski.2001cr,
	Author = {Henson, V.E. and Vassilevski, P.S.},
	Date-Added = {2010-05-29 02:48:07 +0800},
	Date-Modified = {2012-06-16 01:12:24 +0000},
	Fjournal = {SIAM Journal on Scientific Computing},
	Issn = {1064-8275},
	Journal = {SIAM J. Sci. Comput.},
	Mrclass = {65F10 (65N22 65N30)},
	Mrnumber = {MR1861269 (2002j:65040)},
	Mrreviewer = {Michael Griebel},
	Number = {2},
	Pages = {629--650},
	Title = {Element-free {AMG}e: general algorithms for computing interpolation weights in {AMG}},
	Volume = {23},
	Year = {2001},
	Bdsk-File-1 = {YnBsaXN0MDDUAQIDBAUIJidUJHRvcFgkb2JqZWN0c1gkdmVyc2lvblkkYXJjaGl2ZXLRBgdUcm9vdIABqAkKFRYXGyIjVSRudWxs0wsMDQ4RFFpOUy5vYmplY3RzV05TLmtleXNWJGNsYXNzog8QgASABqISE4ACgAOAB1lhbGlhc0RhdGFccmVsYXRpdmVQYXRo0hgNGRpXTlMuZGF0YU8RAeYAAAAAAeYAAgAADE1hY2ludG9zaCBIRAAAAAAAAAAAAAAAAAAAAMSsKhxIKwAAABpGZx5IZW5zb24uVjtWYXNzaWxldnNraS5QMjAwMS5wZGYAAAAAAAAAAAAAAAAAAAAAAAAAAAAAAAAAAAAAAAAAAAAAJ1pfxUW30gAAAAAAAAAAAAEAAgAACSAAAAAAAAAAAAAAAAAAAAADQU1HAAAQAAgAAMSsYlwAAAARAAgAAMVF/iIAAAABABQAGkZnABEUBQAJ+fMACfneAAB7WwACAFZNYWNpbnRvc2ggSEQ6VXNlcnM6aHVhbmd4dWVoYWk6RGVza3RvcDpwYXBlckxpYnJhcnk6QU1HOkhlbnNvbi5WO1Zhc3NpbGV2c2tpLlAyMDAxLnBkZgAOAD4AHgBIAGUAbgBzAG8AbgAuAFYAOwBWAGEAcwBzAGkAbABlAHYAcwBrAGkALgBQADIAMAAwADEALgBwAGQAZgAPABoADABNAGEAYwBpAG4AdABvAHMAaAAgAEgARAASAElVc2Vycy9odWFuZ3h1ZWhhaS9EZXNrdG9wL3BhcGVyTGlicmFyeS9BTUcvSGVuc29uLlY7VmFzc2lsZXZza2kuUDIwMDEucGRmAAATAAEvAAAVAAIAEv//AACABdIcHR4fWCRjbGFzc2VzWiRjbGFzc25hbWWjHyAhXU5TTXV0YWJsZURhdGFWTlNEYXRhWE5TT2JqZWN0XxAeSGVuc29uLlY7VmFzc2lsZXZza2kuUDIwMDEucGRm0hwdJCWiJSFcTlNEaWN0aW9uYXJ5EgABhqBfEA9OU0tleWVkQXJjaGl2ZXIACAARABYAHwAoADIANQA6ADwARQBLAFIAXQBlAGwAbwBxAHMAdgB4AHoAfACGAJMAmACgAooCjAKRApoCpQKpArcCvgLHAugC7QLwAv0DAgAAAAAAAAIBAAAAAAAAACgAAAAAAAAAAAAAAAAAAAMU}}

@article{Janka.Janka.2008nx,
	Author = {Janka, A.},
	Date-Added = {2010-05-29 02:48:07 +0800},
	Date-Modified = {2012-06-13 07:34:39 +0000},
	Fjournal = {Computing and Visualization in Science},
	Issn = {1432-9360},
	Journal = {Comput. Vis. Sci.},
	Mrclass = {65N55 (76D07 76M25)},
	Mrreviewer = {Karsten Urban},
	Number = {3},
	Owner = {Xuehai Huang},
	Pages = {169--180},
	Timestamp = {2009.10.05},
	Title = {Smoothed aggregation multigrid for a {S}tokes problem},
	Volume = {11},
	Year = {2008}}

@article{Kolev.KolevVassilevski.2006oq,
	Author = {Kolev, T.V. and Vassilevski, P.S.},
	Coden = {NLAAEM},
	Date-Added = {2010-05-29 02:48:07 +0800},
	Date-Modified = {2012-06-13 07:34:49 +0000},
	Fjournal = {Numerical Linear Algebra with Applications},
	Issn = {1070-5325},
	Journal = {Numer. Linear Algebra Appl.},
	Mrclass = {65N22 (65N55)},
	Mrnumber = {MR2269799 (2007j:65100)},
	Mrreviewer = {Alain Pi{\'e}trus},
	Number = {9},
	Owner = {huangxuehai},
	Pages = {771--788},
	Timestamp = {2008.11.16},
	Title = {AMG by element agglomeration and constrained energy minimization interpolation},
	Volume = {13},
	Year = {2006},
	Bdsk-File-1 = {YnBsaXN0MDDUAQIDBAUIJidUJHRvcFgkb2JqZWN0c1gkdmVyc2lvblkkYXJjaGl2ZXLRBgdUcm9vdIABqAkKFRYXGyIjVSRudWxs0wsMDQ4RFFpOUy5vYmplY3RzV05TLmtleXNWJGNsYXNzog8QgASABqISE4ACgAOAB1lhbGlhc0RhdGFccmVsYXRpdmVQYXRo0hgNGRpXTlMuZGF0YU8RAeIAAAAAAeIAAgAADE1hY2ludG9zaCBIRAAAAAAAAAAAAAAAAAAAAMSsKhxIKwAAABpGZx1Lb2xldi5UO1Zhc3NpbGV2c2tpLlAyMDA2LnBkZgAAAAAAAAAAAAAAAAAAAAAAAAAAAAAAAAAAAAAAAAAAAAAAJ1lVxUW2DQAAAAAAAAAAAAEAAgAACSAAAAAAAAAAAAAAAAAAAAADQU1HAAAQAAgAAMSsYlwAAAARAAgAAMVF/F0AAAABABQAGkZnABEUBQAJ+fMACfneAAB7WwACAFVNYWNpbnRvc2ggSEQ6VXNlcnM6aHVhbmd4dWVoYWk6RGVza3RvcDpwYXBlckxpYnJhcnk6QU1HOktvbGV2LlQ7VmFzc2lsZXZza2kuUDIwMDYucGRmAAAOADwAHQBLAG8AbABlAHYALgBUADsAVgBhAHMAcwBpAGwAZQB2AHMAawBpAC4AUAAyADAAMAA2AC4AcABkAGYADwAaAAwATQBhAGMAaQBuAHQAbwBzAGgAIABIAEQAEgBIVXNlcnMvaHVhbmd4dWVoYWkvRGVza3RvcC9wYXBlckxpYnJhcnkvQU1HL0tvbGV2LlQ7VmFzc2lsZXZza2kuUDIwMDYucGRmABMAAS8AABUAAgAS//8AAIAF0hwdHh9YJGNsYXNzZXNaJGNsYXNzbmFtZaMfICFdTlNNdXRhYmxlRGF0YVZOU0RhdGFYTlNPYmplY3RfEB1Lb2xldi5UO1Zhc3NpbGV2c2tpLlAyMDA2LnBkZtIcHSQloiUhXE5TRGljdGlvbmFyeRIAAYagXxAPTlNLZXllZEFyY2hpdmVyAAgAEQAWAB8AKAAyADUAOgA8AEUASwBSAF0AZQBsAG8AcQBzAHYAeAB6AHwAhgCTAJgAoAKGAogCjQKWAqECpQKzAroCwwLjAugC6wL4Av0AAAAAAAACAQAAAAAAAAAoAAAAAAAAAAAAAAAAAAADDw==}}

@article{Livne.Livne.2004kl,
	Author = {Livne, O. E.},
	Coden = {NLAAEM},
	Date-Added = {2010-05-29 02:48:07 +0800},
	Date-Modified = {2012-06-13 07:34:56 +0000},
	Fjournal = {Numerical Linear Algebra with Applications},
	Issn = {1070-5325},
	Journal = {Numer. Linear Algebra Appl.},
	Mrclass = {65F10},
	Number = {2-3},
	Owner = {Xuehai Huang},
	Pages = {205--227},
	Timestamp = {2009.10.05},
	Title = {Coarsening by compatible relaxation},
	Volume = {11},
	Year = {2004}}

@article{Muresan.MuresanNotay.2008tg,
	Abstract = {Aggregation-based multigrid with standard piecewise constant like
	prolongation is investigated. Unknowns are aggregated either by pairs
	or by quadruplets; in the latter case the grouping may be either
	linewise or boxwise. A Fourier analysis is developed for a model
	two-dimensional anisotropic problem. Most of the results are stated
	for an arbitrary smoother (which fits with the Fourier analysis framework).
	It turns out that the convergence factor of two-grid schemes can
	be bounded independently of the grid size. With a sensible choice
	of the (linewise or boxwise) coarsening, the bound is also uniform
	with respect to the anisotropy ratio, without requiring a specialized
	smoother. The bound is too large to guarantee optimal convergence
	properties with the V-cycle or the standard W-cycle, but a W-cycle
	scheme accelerated by the recursive use of the conjugate gradient
	method exhibits near grid independent convergence.},
	Author = {Muresan, A.C. and Notay, Y.},
	Date-Added = {2010-05-29 02:48:07 +0800},
	Date-Modified = {2012-06-13 07:35:01 +0000},
	Journal = {SIAM Journal on Scientific Computing},
	Keywords = {multigrid, aggregation, Fourier analysis, Krylov subspace method, conjugate gradient, preconditioning},
	Number = {2},
	Owner = {Xuehai Huang},
	Pages = {1082--1103},
	Timestamp = {2009.10.05},
	Title = {Analysis of Aggregation-Based Multigrid},
	Volume = {30},
	Year = {2008},
	Bdsk-File-1 = {YnBsaXN0MDDUAQIDBAUIJidUJHRvcFgkb2JqZWN0c1gkdmVyc2lvblkkYXJjaGl2ZXLRBgdUcm9vdIABqAkKFRYXGyIjVSRudWxs0wsMDQ4RFFpOUy5vYmplY3RzV05TLmtleXNWJGNsYXNzog8QgASABqISE4ACgAOAB1lhbGlhc0RhdGFccmVsYXRpdmVQYXRo0hgNGRpXTlMuZGF0YU8RAdIAAAAAAdIAAgAADE1hY2ludG9zaCBIRAAAAAAAAAAAAAAAAAAAAMSsKhxIKwAAABpGZxlNdXJlc2FuLkE7Tm90YXkuWTIwMDgucGRmAAAAAAAAAAAAAAAAAAAAAAAAAAAAAAAAAAAAAAAAAAAAAAAAAAAADKjWxRGm/wAAAAAAAAAAAAEAAgAACSAAAAAAAAAAAAAAAAAAAAADQU1HAAAQAAgAAMSsYlwAAAARAAgAAMUR3z8AAAABABQAGkZnABEUBQAJ+fMACfneAAB7WwACAFFNYWNpbnRvc2ggSEQ6VXNlcnM6aHVhbmd4dWVoYWk6RGVza3RvcDpwYXBlckxpYnJhcnk6QU1HOk11cmVzYW4uQTtOb3RheS5ZMjAwOC5wZGYAAA4ANAAZAE0AdQByAGUAcwBhAG4ALgBBADsATgBvAHQAYQB5AC4AWQAyADAAMAA4AC4AcABkAGYADwAaAAwATQBhAGMAaQBuAHQAbwBzAGgAIABIAEQAEgBEVXNlcnMvaHVhbmd4dWVoYWkvRGVza3RvcC9wYXBlckxpYnJhcnkvQU1HL011cmVzYW4uQTtOb3RheS5ZMjAwOC5wZGYAEwABLwAAFQACABL//wAAgAXSHB0eH1gkY2xhc3Nlc1okY2xhc3NuYW1lox8gIV1OU011dGFibGVEYXRhVk5TRGF0YVhOU09iamVjdF8QGU11cmVzYW4uQTtOb3RheS5ZMjAwOC5wZGbSHB0kJaIlIVxOU0RpY3Rpb25hcnkSAAGGoF8QD05TS2V5ZWRBcmNoaXZlcgAIABEAFgAfACgAMgA1ADoAPABFAEsAUgBdAGUAbABvAHEAcwB2AHgAegB8AIYAkwCYAKACdgJ4An0ChgKRApUCowKqArMCzwLUAtcC5ALpAAAAAAAAAgEAAAAAAAAAKAAAAAAAAAAAAAAAAAAAAvs=}}

@article{Trottenberg.TrottenbergOosterlee.2001fu,
	Author = {Trottenberg, U. and Oosterlee, C. and Sch{\"u}ller, A.},
	Date-Added = {2010-05-29 02:48:07 +0800},
	Date-Modified = {2012-06-13 07:35:34 +0000},
	Journal = {With contributions by A. Brandt, P. Oswald and K. Stuben},
	Title = {{Multigrid}},
	Year = {2001}}

@article{Vanek.VanekMandel.1996kl,
	Author = {Van{\v{e}}k, P. and Mandel, J. and Brezina, M.},
	Date-Added = {2010-05-29 02:48:07 +0800},
	Date-Modified = {2012-06-13 07:35:36 +0000},
	Journal = {Computing},
	Number = {3},
	Pages = {179--196},
	Publisher = {Springer},
	Title = {{Algebraic multigrid by smoothed aggregation for second and fourth order elliptic problems}},
	Volume = {56},
	Year = {1996}}

@article{Brannick.BrannickZikatanov.2007zr,
	Author = {Brannick, J. and Zikatanov, L.},
	Date-Added = {2009-09-21 14:25:04 +0800},
	Date-Modified = {2012-06-13 07:33:46 +0000},
	Journal = {Lecture Notes in Computational Science and Engineering},
	Pages = {15},
	Publisher = {Springer},
	Title = {{Algebraic multigrid methods based on compatible relaxation and energy minimization}},
	Volume = {55},
	Year = {2007}}

@conference{Ruge.RugeStuben.1985ij,
	Author = {Ruge, J.W. and Stuben, K.},
	Booktitle = {Multigrid Methods for Integral and Differential Equations},
	Date-Added = {2009-09-21 14:24:11 +0800},
	Date-Modified = {2012-06-13 07:35:07 +0000},
	Editor = {Paddon, D. J. and Holstein, H.},
	Pages = {169--212},
	Publisher = {Clarendon Press},
	Title = {{Efficient solution of finite difference and finite element equations}},
	Volume = {3},
	Year = {1985}}

@article{Ruge.RugeStuben.1987bs,
	Author = {Ruge, J.W. and St\"uben, K.},
	Date-Added = {2009-09-21 16:36:25 +0800},
	Date-Modified = {2012-06-13 07:35:10 +0000},
	Journal = {Multigrid methods},
	Pages = {73--130},
	Publisher = {SIAM, Philadelphia, PA},
	Title = {{Algebraic multigrid}},
	Volume = {3},
	Year = {1987}}

@article{Wan.WanChan.2000qa,
	Author = {Wan, W.L. and Chan, T.F. and Smith, B.},
	Date-Added = {2009-09-21 16:39:27 +0800},
	Date-Modified = {2012-06-13 07:35:39 +0000},
	Journal = {SIAM Journal on Scientific Computing},
	Number = {4},
	Pages = {1632--1649},
	Publisher = {Philadelphia, PA: SIAM, c1993-},
	Title = {{An energy-minimizing interpolation for robust multigrid methods}},
	Volume = {21},
	Year = {2000}}

@article{Xu.Xu.1992mi,
	Author = {Xu, J.},
	Date-Added = {2009-09-21 20:47:13 +0800},
	Date-Modified = {2012-06-13 07:35:51 +0000},
	Journal = {Siam Review},
	Pages = {581--613},
	Publisher = {Society for Industrial and Applied Mathematics},
	Title = {{Iterative methods by space decomposition and subspace correction}},
	Year = {1992}}

@article{Xu.XuZikatanov.2004pi,
	Author = {Xu, J. and Zikatanov, L.},
	Date-Added = {2009-09-21 16:40:10 +0800},
	Date-Modified = {2012-06-13 07:35:54 +0000},
	Journal = {Computing and Visualization in Science},
	Number = {3},
	Pages = {121--127},
	Publisher = {Springer},
	Title = {{On an energy minimizing basis for algebraic multigrid methods}},
	Volume = {7},
	Year = {2004}}

@inproceedings{Xu.Xu.2010ff,
	Abstract = {Over the last few decades, developing efficient iterative methods for solving discretized partial differential equations (PDEs) has been a topic of intensive research. Though these efforts have yielded many mathematically optimal solvers, such as the multigrid method, the unfortunate reality is that multigrid methods have not been used much in practical applications. This marked gap between theory and practice is mainly due to the fragility of traditional multigrid methodology and the complexity of its implementation. This paper aims to develop theories and techniques that will narrow this gap. Specifically, its aim is to develop mathematically optimal solvers that are robust and easy to use for a variety of problems in practice. One central mathematical technique for reaching this goal is a general framework called the Fast Auxiliary Space Preconditioning (FASP) method. FASP methodology represents a class of methods that (1) transform a complicated system into a sequence of simpler systems by using auxiliary spaces and (2) produces an efficient and robust preconditioner (to be used with Krylov space methods such as CG and GMRes) in terms of efficient solvers for these simpler systems. By carefully making use of the special features of each problem, the FASP method can be efficiently applied to a large class of commonly used partial differential equations including equations of Poisson, diffusion-convection-reaction, linear elasticity, Stokes, Brinkman, Navier-Stokes, complex fluids models, and magnetohydrodynamics. This paper will give a summary of results that have been obtained mostly by the author and his collaborators on this topic in recent years.},
	Author = {Xu, Jinchao},
	Booktitle = {Proceedings of the International Congress of Mathematicians},
	Date-Modified = {2013-09-22 03:27:20 +0000},
	File = {:Users/zhangcs/Work/lib/mendeley/2010/Xu\_2010\_Fast Poisson-Based Solvers for Linear and Nonlinear PDEs.pdf:pdf},
	Pages = {2886--2912},
	Title = {{Fast Poisson-Based Solvers for Linear and Nonlinear PDEs Jinchao Xu}},
	Year = {2010}}

@techreport{Brandt.Brandt.2011ys,
	Author = {Brandt, Achi},
	Date-Modified = {2012-06-13 07:33:43 +0000},
	File = {:Users/zhangcs/Work/lib/mendeley/2011/Brandt\_2011\_Multigrid guide.pdf:pdf},
	Title = {{Multigrid guide}},
	Year = {2011}}

@article{Mellor-crummey2004,
	Author = {Mellor-crummey, John and Garvin, John},
	File = {:Users/zhangcs/Work/lib/mendeley/2004/Mellor-crummey, Garvin\_2004\_Optimizing Sparse Matrix-Vector Product Computations Using Unroll and Jam.pdf:pdf},
	Journal = {International Journal of High Performance Computing Applications},
	Number = {2},
	Pages = {225----236},
	Title = {{Optimizing Sparse Matrix-Vector Product Computations Using Unroll and Jam}},
	Volume = {18},
	Year = {2004}}
